@ARTICLE{MapReduceGoogle,
author={{Dean, Jeffrey}{ ; Ghemawat, Sanjay}},
journal={Pattern Analysis and Machine Intelligence, IEEE Transactions on},
title={MapReduce: Simplified Data Processing on Large Clusters},
year={1986},
month={nov. },
volume={PAMI-8},
number={6},
pages={679 -698},
keywords={},
doi={10.1109/TPAMI.1986.4767851},
ISSN={0162-8828},}

@BOOK{Silber,
author={{Silberschatz, A.}{ , Korth, H., Sudarshan, S.}},
title={Sistema de Banco de Dados. 2ª ed.},
publisher = {São Paulo: Makron Books},
year = {1999}
}


