@ARTICLE{CANNY,
author={Canny, John},
journal={Pattern Analysis and Machine Intelligence, IEEE Transactions on},
title={A Computational Approach to Edge Detection},
year={1986},
month={nov. },
volume={PAMI-8},
number={6},
pages={679 -698},
keywords={},
doi={10.1109/TPAMI.1986.4767851},
ISSN={0162-8828},}

@ARTICLE{VAR1,
author={{Miranda, José I.}{ ; Neto, João C.}},
journal={Anais XIII Simpósio Brasileiro de Sensoriamento Remoto,
Florianópolis, Brasil},
title={Detecção de bordas com modelo de difusão anisotrópica},
year={2007},
month={abril}
}

@ARTICLE{VAR2,
author={{Torreão, José R.A.}{ ; AMARAL, Marcos S.}},
journal={Science Direct},
title={Signal differentiation through a Green’s function approach},
year={2002},
month={maio}
}

@ARTICLE{VAR3,
author={Rodrigues, Daniel V. O.},
journal={Monografia apresentada ao Curso de graduação
em Ciência da Computação},
title={Estudo comparativo de funções de Green para
detecção de arestas},
year={2009}
}

@ARTICLE{VAR4,
author={Richa, Rogério de A.},
journal={Trabalho de graduação em Engenheiro Eletricista,
Universidade de Brasília, Fauldade de Tecnologia},
title={Rastramento do contorno do ventrículo esquerdo em imagens de
ressonância magnética usando filtragem estocástica},
year={2006},
month={dezembro}
}

